% Dummy reference
@book{texbook,
  author    = {Max Kamenetsky},
  year      = {2001},
  title     = {Filterd Audio Demo},
  publisher = {Addison-Wesley Professional}
}